
%%% bibiography for chapter 1 introduction (from IRPC review paper) begin

@book{ch1_IRPC_1_laidler1987chemical,
author = {Laidler, Keith JKJ},
ALTeditor = {},
title = {Chemical kinetics},
publisher = {Harper Collins},
year = {1987},
OPTkey = {},
OPTvolume = {},
OPTnumber = {},
OPTseries = {},
address = {New York},
edition = {$3^{\text{rd}}$},
OPTmonth = {},
OPTnote = {},
OPTannote = {}
}


@book{ch1_IRPC_2_pilling1996reaction,
  title={Reaction kinetics},
  author={Pilling, Michael J and Seakins, Paul W and others},
  year={1996},
  publisher={Oxford University Press}
}

@book{ch1_IRPC_3_steinfeld1989chemical,
  title={Chemical kinetics and dynamics},
  author={Steinfeld, Jeffrey I and Francisco, Joseph Salvadore and Hase, William L},
  volume={},
  year={1989},
  publisher={Prentice Hall Englewood Cliffs (New Jersey)}
}

@article{ch1_IRPC_4_warnatz2017combustion,
  title={Combustion: physical and chemical fundamentals, modeling and simulation, experiments, pollutant formation. 2006},
  author={Warnatz, J and Maas, U and Dibble, RW},
  journal={Int. J. Comp. Meth. and Exp. Meas},
  volume={5},
  number={1},
  year={2017}
}

@article{ch1_IRPC_5_westbrook2000chemical,
  title={Chemical kinetics of hydrocarbon ignition in practical combustion systems},
  author={Westbrook, Charles K},
  journal={Proceedings of the Combustion Institute},
  volume={28},
  number={2},
  pages={1563--1577},
  year={2000},
  publisher={Elsevier}
}

@article{ch1_IRPC_6_miller1990chemical,
  title={Chemical kinetics and combustion modeling},
  author={Miller, James A and Kee, Robert J and Westbrook, Charles K},
  journal={Annual Review of Physical Chemistry},
  volume={41},
  number={1},
  pages={345--387},
  year={1990},
  publisher={Annual Reviews 4139 El Camino Way, PO Box 10139, Palo Alto, CA 94303-0139, USA}
}

@article{ch1_IRPC_7_battin2008detailed,
  title={Detailed chemical kinetic models for the low-temperature combustion of hydrocarbons with application to gasoline and diesel fuel surrogates},
  author={Battin-Leclerc, Fr{\'e}d{\'e}rique},
  journal={Progress in Energy and Combustion Science},
  volume={34},
  number={4},
  pages={440--498},
  year={2008},
  publisher={Elsevier}
}

@article{ch1_IRPC_8_zador2011kinetics,
  title={Kinetics of elementary reactions in low-temperature autoignition chemistry},
  author={Z{\'a}dor, Judit and Taatjes, Craig A and Fernandes, Ravi X},
  journal={Progress in energy and combustion science},
  volume={37},
  number={4},
  pages={371--421},
  year={2011},
  publisher={Elsevier}
}

@article{ch1_IRPC_9_curran1998comprehensive,
  title={A comprehensive modeling study of n-heptane oxidation},
  author={Curran, Henry J and Gaffuri, Paolo and Pitz, William J and Westbrook, Charles K},
  journal={Combustion and flame},
  volume={114},
  number={1},
  pages={149--177},
  year={1998},
  publisher={Elsevier}
}

@misc{ch1_IRPC_10_lamarque2012cam,
  title={CAM-chem: description and evaluation of interactive atmospheric chemistry in the Community Earth System Model, Geosci. Model Dev., 5, 369--411, doi: 10.5194},
  author={Lamarque, JF and Emmons, LK and Hess, PG and Kinnison, DE and Tilmes, S and Vitt, F and Heald, CL and Holland, EA and Lauritzen, PH and Neu, J and others},
  year={2012},
  publisher={gmd-5-369-2012}
}

@book{ch1_IRPC_11_somorjai2010introduction,
  title={Introduction to surface chemistry and catalysis},
  author={Somorjai, Gabor A and Li, Yimin},
  year={2010},
  publisher={John Wiley \& Sons}
}

@article{ch1_IRPC_12_hammer2000theoretical,
  title={Theoretical surface science and catalysisâ€”calculations and concepts},
  author={Hammer, Bj{\o}rk and N{\o}rskov, Jens Kehlet},
  journal={Advances in catalysis},
  volume={45},
  pages={71--129},
  year={2000},
  publisher={Elsevier}
}

@article{ch1_IRPC_13_som2013quantum,
  title={Quantum tunneling affects engine performance},
  author={Som, Sibendu and Liu, Wei and Zhou, Dingyu DY and Magnotti, Gina M and Sivaramakrishnan, Raghu and Longman, Douglas E and Skodje, Rex T and Davis, Michael J},
  journal={The journal of physical chemistry letters},
  volume={4},
  number={12},
  pages={2021--2025},
  year={2013},
  publisher={ACS Publications}
}

@article{ch1_IRPC_14_lamarque2013atmospheric,
  title={The Atmospheric Chemistry and Climate Model Intercomparison Project (ACCMIP): overview and description of models, simulations and climate diagnostics},
  author={Lamarque, J-F and Shindell, Drew T and Josse, B and Young, PJ and Cionni, I and Eyring, Veronika and Bergmann, D and Cameron-Smith, Philip and Collins, William J and Doherty, R and others},
  journal={Geoscientific Model Development},
  volume={6},
  pages={179--206},
  year={2013}
}

@article{ch1_IRPC_15_kramer2014following,
  title={Following molecules through reactive networks: surface catalyzed decomposition of methanol on Pd (111), Pt (111), and Ni (111)},
  author={Kramer, Zeb C and Gu, Xiang-Kui and Zhou, Dingyu DY and Li, Wei-Xue and Skodje, Rex T},
  journal={The Journal of Physical Chemistry C},
  volume={118},
  number={23},
  pages={12364--12383},
  year={2014},
  publisher={ACS Publications}
}

@article{ch1_IRPC_16_ch3_6_ch4_8_bai2014sum,
  title={Sum over histories representation for chemical kinetics},
  author={Bai, Shirong and Zhou, Dingyu and Davis, Michael J and Skodje, Rex T},
  journal={The journal of physical chemistry letters},
  volume={6},
  number={1},
  pages={183--188},
  year={2014},
  publisher={ACS Publications}
}

@article{ch1_IRPC_17_ch4_9_bai2015sum,
  title={Sum over Histories Representation for Kinetic Sensitivity Analysis: How Chemical Pathways Change When Reaction Rate Coefficients Are Varied},
  author={Bai, Shirong and Davis, Michael J and Skodje, Rex T},
  journal={The Journal of Physical Chemistry A},
  volume={119},
  number={45},
  pages={11039--11052},
  year={2015},
  publisher={ACS Publications}
}

@article{ch1_IRPC_18_bai2017simulating,
  title={Simulating Chemical Kinetics Without Differential Equations: A Quantitative Theory Based on Chemical Pathways},
  author={Bai, Shirong and Skodje, Rex T},
  journal={The Journal of Physical Chemistry Letters},
  volume={8},
  number={16},
  pages={3826--3833},
  year={2017},
  publisher={ACS Publications}
}

@article{ch1_IRPC_19_he2008graph,
  title={A graph-based approach to developing adaptive representations of complex reaction mechanisms},
  author={He, Kaiyuan and Ierapetritou, Marianthi G and Androulakis, Ioannis P},
  journal={Combustion and Flame},
  volume={155},
  number={4},
  pages={585--604},
  year={2008},
  publisher={Elsevier}
}

@article{ch1_IRPC_20_lehmann2004algorithm,
  title={An algorithm for the determination of all significant pathways in chemical reaction systems},
  author={Lehmann, Ralph},
  journal={Journal of atmospheric chemistry},
  volume={47},
  number={1},
  pages={45--78},
  year={2004},
  publisher={Springer}
}

@article{ch1_IRPC_21_feng2010dominant,
  title={Dominant kinetic paths of complex systems: gene networks},
  author={Feng, Haidong and Han, Bo and Wang, Jin},
  journal={The Journal of Physical Chemistry Letters},
  volume={1},
  number={12},
  pages={1836--1840},
  year={2010},
  publisher={ACS Publications}
}

@article{ch1_IRPC_22_chern1990effective,
  title={Effective kinetic modeling of multistep homogeneous reactions},
  author={Chern, Jia-Ming and Helfferich, Friedrich G},
  journal={AIChE Journal},
  volume={36},
  number={8},
  pages={1200--1208},
  year={1990},
  publisher={Wiley Online Library}
}

@book{ch4_26_feynman2010quantum,
  title={Quantum mechanics and path integrals},
  author={Feynman, Richard P and Hibbs, Albert R and Styer, Daniel F},
  year={2010},
  publisher={Courier Corporation}
}

@article{ch1_IRPC_24_makri1999time,
  title={Time-dependent quantum methods for large systems},
  author={Makri, Nancy},
  journal={Annual review of physical chemistry},
  volume={50},
  number={1},
  pages={167--191},
  year={1999},
  publisher={Annual Reviews 4139 El Camino Way, PO Box 10139, Palo Alto, CA 94303-0139, USA}
}

@article{ch1_IRPC_25_cao1994formulation,
  title={The formulation of quantum statistical mechanics based on the Feynman path centroid density. I. Equilibrium properties},
  author={Cao, Jianshu and Voth, Gregory A},
  journal={The Journal of chemical physics},
  volume={100},
  number={7},
  pages={5093--5105},
  year={1994},
  publisher={AIP}
}

@article{ch1_IRPC_26_berne1986simulation,
  title={On the simulation of quantum systems: path integral methods},
  author={Berne, Bruce J and Thirumalai, D},
  journal={Annual Review of Physical Chemistry},
  volume={37},
  number={1},
  pages={401--424},
  year={1986},
  publisher={Annual Reviews 4139 El Camino Way, PO Box 10139, Palo Alto, CA 94303-0139, USA}
}

@article{ch1_IRPC_27_christiansen1953elucidation,
  title={The elucidation of reaction mechanisms by the method of intermediates in quasi-stationary concentrations},
  author={Christiansen, JA},
  journal={Advances in Catalysis},
  volume={5},
  pages={311--353},
  year={1953},
  publisher={Elsevier}
}

@article{ch1_IRPC_28_hansen1988chemical,
  title={Chemical applications of graph theory. Part I. Fundamentals and topological indices},
  author={Hansen, Peter J and Jurs, Peter C},
  journal={J. Chem. Educ},
  volume={65},
  number={7},
  pages={574},
  year={1988},
  publisher={ACS Publications}
}

@book{ch1_IRPC_29_balaban1976chemical,
  title={Chemical applications of graph theory},
  author={Balaban, Alexandru T},
  year={1976},
  publisher={Academic Press}
}

@article{ch1_IRPC_30_temkin1992application,
  title={Application of graph theory to chemical kinetics: Part 1. Kinetics of complex reactions},
  author={Temkin, Oleg N and Bonchev, Danail G},
  journal={J. Chem. Educ},
  volume={69},
  number={7},
  pages={544},
  year={1992},
  publisher={ACS Publications}
}

@article{ch1_IRPC_31_lu2005directed,
  title={A directed relation graph method for mechanism reduction},
  author={Lu, Tianfeng and Law, Chung K},
  journal={Proceedings of the Combustion Institute},
  volume={30},
  number={1},
  pages={1333--1341},
  year={2005},
  publisher={Elsevier}
}

@article{ch3_17_kee2008chemkin,
  title={CHEMKIN-PRO, Reaction Design},
  author={Kee, RJ and Ruply, FM and Miller, JA},
  journal={Inc., San Diego, CA},
  year={2008}
}

@book{ch1_IRPC_33_van1992stochastic,
  title={Stochastic processes in physics and chemistry},
  author={Van Kampen, Nicolaas Godfried},
  volume={1},
  year={1992},
  publisher={Elsevier}
}

@article{ch1_IRPC_34_mcquarrie1967stochastic,
  title={Stochastic approach to chemical kinetics},
  author={McQuarrie, Donald A},
  journal={Journal of applied probability},
  volume={4},
  number={3},
  pages={413--478},
  year={1967},
  publisher={Cambridge University Press}
}

@article{ch1_IRPC_35_gillespie1976general,
  title={A general method for numerically simulating the stochastic time evolution of coupled chemical reactions},
  author={Gillespie, Daniel T},
  journal={Journal of computational physics},
  volume={22},
  number={4},
  pages={403--434},
  year={1976},
  publisher={Elsevier}
}

@article{ch1_IRPC_36_gillespie2013perspective,
  title={Perspective: Stochastic algorithms for chemical kinetics},
  author={Gillespie, Daniel T and Hellander, Andreas and Petzold, Linda R},
  journal={The Journal of chemical physics},
  volume={138},
  number={17},
  pages={05B201\_1},
  year={2013},
  publisher={AIP}
}

@article{ch1_IRPC_37_gibson2000efficient,
  title={Efficient exact stochastic simulation of chemical systems with many species and many channels},
  author={Gibson, Michael A and Bruck, Jehoshua},
  journal={The journal of physical chemistry A},
  volume={104},
  number={9},
  pages={1876--1889},
  year={2000},
  publisher={ACS Publications}
}

@misc{ch1_IRPC_38_schulmann1996techniques,
  title={Techniques and applications of paths integrals},
  author={Schulmann, Lawrence S},
  year={1996},
  publisher={New York: Wiley}
}

@article{ch1_IRPC_39_mjolsness2013time,
  title={Time-ordered product expansions for computational stochastic system biology},
  author={Mjolsness, Eric},
  journal={Physical biology},
  volume={10},
  number={3},
  pages={035009},
  year={2013},
  publisher={IOP Publishing}
}

@misc{ch1_IRPC_40_leiserson2001introduction,
  title={Introduction to algorithms},
  author={Leiserson, Charles E and Rivest, Ronald L and Stein, Clifford and Cormen, Thomas H},
  year={2001},
  publisher={The MIT press Cambridge}
}

@article{ch1_IRPC_41_dijkstra1959note,
  title={A note on two problems in connexion with graphs},
  author={Dijkstra, Edsger W},
  journal={Numerische mathematik},
  volume={1},
  number={1},
  pages={269--271},
  year={1959},
  publisher={Springer}
}

@article{ch1_IRPC_42_bellman1958routing,
  title={On a routing problem},
  author={Bellman, Richard},
  journal={Quarterly of applied mathematics},
  volume={16},
  number={1},
  pages={87--90},
  year={1958}
}

@article{ch1_IRPC_43_hart1968formal,
  title={A formal basis for the heuristic determination of minimum cost paths},
  author={Hart, Peter E and Nilsson, Nils J and Raphael, Bertram},
  journal={IEEE transactions on Systems Science and Cybernetics},
  volume={4},
  number={2},
  pages={100--107},
  year={1968},
  publisher={IEEE}
}

@article{ch1_IRPC_44_eppstein1998finding,
  title={Finding the k shortest paths},
  author={Eppstein, David},
  journal={SIAM Journal on computing},
  volume={28},
  number={2},
  pages={652--673},
  year={1998},
  publisher={SIAM}
}

@article{ch1_IRPC_45_harary1997dynamic,
  title={Dynamic graph models},
  author={Harary, Frank and Gupta, Gopal},
  journal={Mathematical and Computer Modelling},
  volume={25},
  number={7},
  pages={79--87},
  year={1997},
  publisher={Elsevier}
}

@inproceedings{ch1_IRPC_46_tosatto2013simplifying,
  title={Simplifying Chemical Kinetic Systems under Uncertainty using Markov Chains},
  author={Tosatto, Luca and Marzouk, Youssef},
  booktitle={extended abstract, Workshop on Numerical Combustion},
  year={2013}
}

@article{ch1_IRPC_47_abel1906besonders,
  title={{\"U}ber einen besonders einfachen Fall von Stufenreaktionen},
  author={Abel, E},
  journal={Zeitschrift f{\"u}r Physikalische Chemie},
  volume={56},
  number={1},
  pages={558--564},
  year={1906}
}

@article{ch1_IRPC_48_greeley2004competitive,
  title={Competitive paths for methanol decomposition on Pt (111)},
  author={Greeley, Jeff and Mavrikakis, Manos},
  journal={Journal of the American Chemical Society},
  volume={126},
  number={12},
  pages={3910--3919},
  year={2004},
  publisher={ACS Publications}
}

@article{ch1_IRPC_49_gu2010first,
  title={First-principles study on the origin of the different selectivities for methanol steam reforming on Cu (111) and Pd (111)},
  author={Gu, Xiang-Kui and Li, Wei-Xue},
  journal={The Journal of Physical Chemistry C},
  volume={114},
  number={49},
  pages={21539--21547},
  year={2010},
  publisher={ACS Publications}
}

@article{ch1_IRPC_50_henkelman2000climbing,
  title={A climbing image nudged elastic band method for finding saddle points and minimum energy paths},
  author={Henkelman, Graeme and Uberuaga, Blas P and J{\'o}nsson, Hannes},
  journal={The Journal of chemical physics},
  volume={113},
  number={22},
  pages={9901--9904},
  year={2000},
  publisher={AIP}
}

@article{ch1_IRPC_51_antony2013pathways,
  title={Pathways and kinetics of methane and ethane C--H bond cleavage on PdO (101)},
  author={Antony, Abbin and Asthagiri, Aravind and Weaver, Jason F},
  journal={The Journal of chemical physics},
  volume={139},
  number={10},
  pages={104702},
  year={2013},
  publisher={AIP}
}

@article{ch1_IRPC_52_konnov2008remaining,
  title={Remaining uncertainties in the kinetic mechanism of hydrogen combustion},
  author={Konnov, Alexander A},
  journal={Combustion and flame},
  volume={152},
  number={4},
  pages={507--528},
  year={2008},
  publisher={Elsevier}
}

@article{ch1_IRPC_53_hashemi2015hydrogen,
  title={Hydrogen oxidation at high pressure and intermediate temperatures: Experiments and kinetic modeling},
  author={Hashemi, Hamid and Christensen, Jakob M and Gersen, Sander and Glarborg, Peter},
  journal={Proceedings of the Combustion Institute},
  volume={35},
  number={1},
  pages={553--560},
  year={2015},
  publisher={Elsevier}
}

@book{ch1_IRPC_54_saltelli2000sensitivity,
  title={Sensitivity analysis},
  author={Saltelli, Andrea and Chan, Karen and Scott, E Marian and others},
  volume={1},
  year={2000},
  publisher={Wiley New York}
}

@article{ch1_IRPC_55_turanyi2008sensitivity,
  title={Sensitivity analysis in chemical kinetics},
  author={Tur{\'a}nyi, Tam{\'a}s},
  journal={International Journal of Chemical Kinetics},
  volume={40},
  number={11},
  pages={685--686},
  year={2008},
  publisher={Wiley Online Library}
}

@article{ch1_IRPC_56_najm2009uncertainty,
  title={Uncertainty quantification in chemical systems},
  author={Najm, Habib N and Debusschere, Bert J and Marzouk, Youssef M and Widmer, Steve and Le Ma{\^\i}tre, OP},
  journal={International journal for numerical methods in engineering},
  volume={80},
  number={6-7},
  pages={789--814},
  year={2009},
  publisher={Wiley Online Library}
}

@article{ch1_IRPC_57_wang2015combustion,
  title={Combustion kinetic model uncertainty quantification, propagation and minimization},
  author={Wang, Hai and Sheen, David A},
  journal={Progress in Energy and Combustion Science},
  volume={47},
  pages={1--31},
  year={2015},
  publisher={Elsevier}
}

@book{ch1_IRPC_58_saltelli2008global,
  title={Global sensitivity analysis: the primer},
  author={Saltelli, Andrea and Ratto, Marco and Andres, Terry and Campolongo, Francesca and Cariboni, Jessica and Gatelli, Debora and Saisana, Michaela and Tarantola, Stefano},
  year={2008},
  publisher={John Wiley \& Sons}
}

@article{ch1_IRPC_59_scire2001comparison,
  title={Comparison of global and local sensitivity techniques for rate constants determined using complex reaction mechanisms},
  author={Scire, James J and Dryer, Frederick L and Yetter, Richard A},
  journal={International Journal of Chemical Kinetics},
  volume={33},
  number={12},
  pages={784--802},
  year={2001},
  publisher={Wiley Online Library}
}

@article{ch1_IRPC_60_zador2005local,
  title={Local and global uncertainty analyses of a methane flame model},
  author={Zador, Judit and Zsely, Istvan Gy and Turanyi, Tamas and Ratto, Marco and Tarantola, Stefano and Saltelli, Andrea},
  journal={The Journal of Physical Chemistry A},
  volume={109},
  number={43},
  pages={9795--9807},
  year={2005},
  publisher={ACS Publications}
}

@article{ch1_IRPC_61_li2001high,
  title={High dimensional model representations},
  author={Li, Genyuan and Rosenthal, Carey and Rabitz, Herschel},
  journal={The Journal of Physical Chemistry A},
  volume={105},
  number={33},
  pages={7765--7777},
  year={2001},
  publisher={ACS Publications}
}

@article{ch1_IRPC_62_li2002practical,
  title={Practical approaches to construct RS-HDMR component functions},
  author={Li, Genyuan and Wang, Sheng-Wei and Rabitz, Herschel},
  journal={The Journal of Physical Chemistry A},
  volume={106},
  number={37},
  pages={8721--8733},
  year={2002},
  publisher={ACS Publications}
}

@article{ch1_IRPC_63_ziehn2009global,
  title={A global sensitivity study of cyclohexane oxidation under low temperature fuel-rich conditions using HDMR methods},
  author={Ziehn, T and Hughes, KJ and Griffiths, JF and Porter, R and Tomlin, AS},
  journal={Combustion Theory and Modelling},
  volume={13},
  number={4},
  pages={589--605},
  year={2009},
  publisher={Taylor \& Francis}
}

@article{ch1_IRPC_64_skodje2010theoretical,
  title={Theoretical validation of chemical kinetic mechanisms: combustion of methanol},
  author={Skodje, Rex T and Tomlin, Alison S and Klippenstein, Stephen J and Harding, Lawrence B and Davis, Michael J},
  journal={The Journal of Physical Chemistry A},
  volume={114},
  number={32},
  pages={8286--8301},
  year={2010},
  publisher={ACS Publications}
}

@article{ch1_IRPC_65_davis2011global,
  title={Global sensitivity analysis of chemical-kinetic reaction mechanisms: construction and deconstruction of the probability density function},
  author={Davis, Michael J and Skodje, Rex T and Tomlin, Alison S},
  journal={The Journal of Physical Chemistry A},
  volume={115},
  number={9},
  pages={1556--1578},
  year={2011},
  publisher={ACS Publications}
}

@article{ch1_IRPC_66_zhou2013multitarget,
  title={Multitarget global sensitivity analysis of n-butanol combustion},
  author={Zhou, Dingyu DY and Davis, Michael J and Skodje, Rex T},
  journal={The Journal of Physical Chemistry A},
  volume={117},
  number={17},
  pages={3569--3584},
  year={2013},
  publisher={ACS Publications}
}

@article{ch1_IRPC_67_skodje2001geometrical,
  title={Geometrical simplification of complex kinetic systems},
  author={Skodje, Rex T and Davis, Michael J},
  journal={The Journal of Physical Chemistry A},
  volume={105},
  number={45},
  pages={10356--10365},
  year={2001},
  publisher={ACS Publications}
}

@article{ch1_IRPC_68_law2003development,
  title={Development of comprehensive detailed and reduced reaction mechanisms for combustion modeling},
  author={Law, Chung K and Sung, Chih Jen and Wang, Hai and Lu, TF},
  journal={AIAA journal},
  volume={41},
  number={9},
  pages={1629--1646},
  year={2003}
}

@article{ch1_IRPC_69_maas1992simplifying,
  title={Simplifying chemical kinetics: intrinsic low-dimensional manifolds in composition space},
  author={Maas, Ulrich and Pope, Stephen B},
  journal={Combustion and flame},
  volume={88},
  number={3},
  pages={239--264},
  year={1992},
  publisher={Elsevier}
}

%%% bibiography for chapter 1 introduction (from IRPC review paper) end

%%% bibiography for chapter 3 begin  

@misc{ch3_2_saltelli2000,
  title={2000, Sensitivity Analysis},
  author={Saltelli, A and Chan, K and Scott, EM},
  publisher={Wiley, Chichester, NY}
}

@article{ch3_9_gardiner1985handbook,
  title={Handbook of stochastic methods for physics, chemistry and the natural sciences, + Berlin},
  author={Gardiner, Crispin W},
  journal={Springer-Verlag Gibson, JJ (1986). The ecological approach to visual perception. Hillsdale, Nj: Lawrence Erlbaum Associates, Inc.(Original work published 1979) Hosking, JRM (1981), Fractional differencing. Biometrika},
  volume={68},
  pages={165--176},
  year={1985}
}

@inproceedings{ch3_10_ito1961wiener,
  title={Wiener integral and Feynman integral},
  author={It{\^o}, Kiyosi},
  booktitle={Proc. Fourth Berkeley Symposium on Mathematical Statistics and Probability},
  volume={2},
  pages={227--238},
  year={1961}
}

@book{ch3_11_temkin1996chemical,
  title={Chemical reaction networks: a graph-theoretical approach},
  author={Temkin, Oleg N and Zeigarnik, Andrew V and Bonchev, DG},
  year={1996},
  publisher={CRC Press}
}

@article{ch3_18_karwat2011chemical,
  title={On the chemical kinetics of n-butanol: ignition and speciation studies},
  author={Karwat, Darshan MA and Wagnon, Scott W and Teini, Paul D and Wooldridge, Margaret S},
  journal={The Journal of Physical Chemistry A},
  volume={115},
  number={19},
  pages={4909--4921},
  year={2011},
  publisher={ACS Publications}
}

@article{ch3_26_cukier1973study,
  title={Study of the sensitivity of coupled reaction systems to uncertainties in rate coefficients. I Theory},
  author={Cukier, RI and Fortuin, CM and Shuler, Kurt E and Petschek, AG and Schaibly, JH},
  journal={The Journal of chemical physics},
  volume={59},
  number={8},
  pages={3873--3878},
  year={1973},
  publisher={AIP}
}

@article{ch3_27_cukier1975study,
  title={Study of the sensitivity of coupled reaction systems to uncertainties in rate coefficients. III. Analysis of the approximations},
  author={Cukier, RI and Schaibly, JH and Shuler, Kurt E},
  journal={The Journal of Chemical Physics},
  volume={63},
  number={3},
  pages={1140--1149},
  year={1975},
  publisher={AIP}
}

@article{ch3_28_mcrae1982global,
  title={Global sensitivity analysisâ€”a computational implementation of the Fourier amplitude sensitivity test (FAST)},
  author={McRae, Gregory J and Tilden, James W and Seinfeld, John H},
  journal={Computers \& Chemical Engineering},
  volume={6},
  number={1},
  pages={15--25},
  year={1982},
  publisher={Elsevier}
}

@article{ch3_34_sobol2001global,
  title={Global sensitivity indices for nonlinear mathematical models and their Monte Carlo estimates},
  author={Sobol, Ilya M},
  journal={Mathematics and computers in simulation},
  volume={55},
  number={1},
  pages={271--280},
  year={2001},
  publisher={Elsevier}
}

@article{ch3_35_rabitz1999general,
  title={General foundations of high-dimensional model representations},
  author={Rabitz, Herschel and Ali{\c{s}}, {\"O}mer F},
  journal={Journal of Mathematical Chemistry},
  volume={25},
  number={2-3},
  pages={197--233},
  year={1999},
  publisher={Springer}
}

@article{ch3_38_ziehn2008global,
  title={A global sensitivity study of sulfur chemistry in a premixed methane flame model using HDMR},
  author={Ziehn, Tilo and Tomlin, Alison S},
  journal={International Journal of Chemical Kinetics},
  volume={40},
  number={11},
  pages={742--753},
  year={2008},
  publisher={Wiley Online Library}
}

@article{ch3_39_ziehn2009gui,
  title={GUI--HDMR--A software tool for global sensitivity analysis of complex models},
  author={Ziehn, T and Tomlin, Alison S},
  journal={Environmental Modelling \& Software},
  volume={24},
  number={7},
  pages={775--785},
  year={2009},
  publisher={Elsevier}
}

@article{ch3_42_klippenstein2011uncertainty,
  title={Uncertainty driven theoretical kinetics studies for CH 3 OH ignition: HO 2+ CH 3 OH and O 2+ CH 3 OH},
  author={Klippenstein, Stephen J and Harding, Lawrence B and Davis, Michael J and Tomlin, Alison S and Skodje, Rex T},
  journal={Proceedings of the Combustion Institute},
  volume={33},
  number={1},
  pages={351--357},
  year={2011},
  publisher={Elsevier}
}

@article{ch3_47_killingsworth2011increased,
  title={Increased efficiency in SI engine with air replaced by oxygen in argon mixture},
  author={Killingsworth, Nick J and Rapp, Vi H and Flowers, Daniel L and Aceves, Salvador M and Chen, J-Y and Dibble, Robert},
  journal={Proceedings of the Combustion Institute},
  volume={33},
  number={2},
  pages={3141--3149},
  year={2011},
  publisher={Elsevier}
}

@article{ch3_48_keromnes2013experimental,
  title={An experimental and detailed chemical kinetic modeling study of hydrogen and syngas mixture oxidation at elevated pressures},
  author={K{\'e}romn{\`e}s, Alan and Metcalfe, Wayne K and Heufer, Karl A and Donohoe, Nicola and Das, Apurba K and Sung, Chih-Jen and Herzler, J{\"u}rgen and Naumann, Clemens and Griebel, Peter and Mathieu, Olivier and others},
  journal={Combustion and Flame},
  volume={160},
  number={6},
  pages={995--1011},
  year={2013},
  publisher={Elsevier}
}

@article{ch3_49_lee1998hydrogen,
  title={Hydrogen autoignition at pressures above the second explosion limit (0.6--4.0 MPa)},
  author={Lee, Daeyup and Hochgreb, Simone},
  journal={International journal of chemical kinetics},
  volume={30},
  number={6},
  pages={385--406},
  year={1998},
  publisher={Wiley Online Library}
}

@article{ch3_50_zhou2012theoretical,
  title={Theoretical Determination of the Rate Coefficient for the HO2+ HO2â†’ H2O2+ O2 Reaction: Adiabatic Treatment of Anharmonic Torsional Effects},
  author={Zhou, Dingyu DY and Han, Keli and Zhang, Peiyu and Harding, Lawrence B and Davis, Michael J and Skodje, Rex T},
  journal={The Journal of Physical Chemistry A},
  volume={116},
  number={9},
  pages={2089--2100},
  year={2012},
  publisher={ACS Publications}
}

@article{ch3_52_zsely2005similarity,
  title={On the similarity of the sensitivity functions of methane combustion models},
  author={Zs{\'e}ly, I Gy and Z{\'a}dor, J and Tur{\'a}nyi, T},
  journal={Combustion Theory and Modelling},
  volume={9},
  number={4},
  pages={721--738},
  year={2005},
  publisher={Taylor \& Francis}
}


%%% bibiography for chapter 3 end


%%% bibiography for chapter 4 begin

@article{ch4_6_kampen2007langevin,
  title={The Langevin approach},
  author={Kampen, NV},
  journal={Stochastic Processes in Physics and Chemistry (Third Edition), Elsevier, Amsterdam},
  pages={219},
  year={2007}
}

@article{ch4_10_bai2016sum,
  title={The sum over histories representation for chemical kinetics: a quantitative theory based on chemical pathways},
  author={Bai, Shirong and Skodje, Rex T},
  journal={International Reviews in Physical Chemistry},
  volume={35},
  number={4},
  pages={539--567},
  year={2016},
  publisher={Taylor \& Francis}
}

@misc{ch4_11_mekenyan1994graph,
  title={Graph Theoretical Approaches to Chemical Reactivity},
  author={Mekenyan, O and Basak, SS and Bonchev, D and Mekenyan, O},
  year={1994},
  publisher={Dordrecht: Kluwer Academic}
}

@article{ch4_13_garcia2008some,
  title={Some new trends in chemical graph theory},
  author={Garc{\'\i}a-Domenech, Ram{\'o}n and G{\'a}lvez, Jorge and de Juli{\'a}n-Ortiz, Jesus V and Pogliani, Lionello},
  journal={Chemical Reviews},
  volume={108},
  number={3},
  pages={1127--1169},
  year={2008},
  publisher={ACS Publications}
}


@article{ch4_15_king1956schematic,
  title={A schematic method of deriving the rate laws for enzyme-catalyzed reactions},
  author={King, Edward L and Altman, Carl},
  journal={The Journal of physical chemistry},
  volume={60},
  number={10},
  pages={1375--1378},
  year={1956},
  publisher={ACS Publications}
}

@article{ch4_16_oster1971network,
  title={Network thermodynamics},
  author={Oster, George and Perelson, Alan and Katchalsky, Aharon},
  journal={Nature},
  volume={234},
  number={5329},
  pages={393--399},
  year={1971},
  publisher={Nature Publishing Group UK}
}

@article{ch4_17_hill1966studies,
  title={Studies in irreversible thermodynamics IV. diagrammatic representation of steady state fluxes for unimolecular systems},
  author={Hill, Terrell L},
  journal={Journal of theoretical biology},
  volume={10},
  number={3},
  pages={442--459},
  year={1966},
  publisher={Elsevier}
}

@article{ch4_18_fishtik2004reaction,
  title={Reaction route graphs. I. Theory and algorithm},
  author={Fishtik, Ilie and Callaghan, Caitlin A and Datta, Ravindra},
  journal={The Journal of Physical Chemistry B},
  volume={108},
  number={18},
  pages={5671--5682},
  year={2004},
  publisher={ACS Publications}
}

@article{ch4_22_lu2006applicability,
  title={On the applicability of directed relation graphs to the reduction of reaction mechanisms},
  author={Lu, Tianfeng and Law, Chung K},
  journal={Combustion and Flame},
  volume={146},
  number={3},
  pages={472--483},
  year={2006},
  publisher={Elsevier}
}

@article{ch4_23_schnakenberg1976network,
  title={Network theory of microscopic and macroscopic behavior of master equation systems},
  author={Schnakenberg, J{\"u}rgen},
  journal={Reviews of Modern physics},
  volume={48},
  number={4},
  pages={571},
  year={1976},
  publisher={APS}
}

@article{ch4_24_andrieux2007fluctuation,
  title={Fluctuation theorem for currents and Schnakenberg network theory},
  author={Andrieux, David and Gaspard, Pierre},
  journal={Journal of statistical physics},
  volume={127},
  number={1},
  pages={107--131},
  year={2007},
  publisher={Springer}
}

@article{ch4_27_roussel1990geometry,
  title={Geometry of the steady-state approximation: Perturbation and accelerated convergence methods},
  author={Roussel, Marc R and Fraser, Simon J},
  journal={The Journal of chemical physics},
  volume={93},
  number={2},
  pages={1072--1081},
  year={1990},
  publisher={AIP}
}

@book{ch4_28_biggs1993algebraic,
  title={Algebraic graph theory},
  author={Biggs, Norman},
  year={1993},
  publisher={Cambridge university press}
}

@article{ch4_29_harary1962determinant,
  title={The determinant of the adjacency matrix of a graph},
  author={Harary, Frank},
  journal={Siam Review},
  volume={4},
  number={3},
  pages={202--210},
  year={1962},
  publisher={SIAM}
}

@misc{ch4_30_cormen2001introduction,
  title={Introduction to algorithms second edition},
  author={Cormen, Thomas H and Leiserson, Charles E and Rivest, Ronald L and Stein, Clifford},
  year={2001},
  publisher={The MIT Press}
}

@article{ch4_31_lotka1910contribution,
  title={Contribution to the theory of periodic reactions},
  author={Lotka, Alfred J},
  journal={The Journal of Physical Chemistry},
  volume={14},
  number={3},
  pages={271--274},
  year={1910},
  publisher={ACS Publications}
}

@article{ch4_32_volterra1928variations,
  title={Variations and fluctuations of the number of individuals in animal species living together},
  author={Volterra, Vito},
  journal={ICES Journal of Marine Science},
  volume={3},
  number={1},
  pages={3--51},
  year={1928},
  publisher={Oxford University Press}
}

@techreport{ch4_33_feinstein1975socialism,
  title={Socialism, capitalism and economic growth},
  author={Feinstein, Charles Hilliard},
  year={1975},
  institution={Cambridge University Press}
}

@article{ch4_34_warnatz2006physical,
  title={Physical and chemical fundamentals, modeling and simulation, experiments, pollutant formation},
  author={Warnatz, J{\"u}rgen and Maas, Ulrich and Dibble, Robert W},
  journal={Springer, Berlin Frenklach M, Wang H (1990) Detailed kinetic modelling of soot particle nucleation and growth. Proc Comb Inst},
  volume={23},
  pages={1559--1566},
  year={2006},
  publisher={Springer}
}

@article{ch4_35_skeel1992limits,
  title={Limits of parallelism in explicit ODE methods},
  author={Skeel, Robert D and Tam, Hon-Wah},
  journal={Numerical Algorithms},
  volume={2},
  number={3},
  pages={337--349},
  year={1992},
  publisher={Springer}
}


%%% bibiography for chapter 4 end


%%% bibliograph for appendix of H2-O2 mechanism begin


@article{aHm_1_li2007comprehensive,
  title={A comprehensive kinetic mechanism for CO, CH2O, and CH3OH combustion},
  author={Li, Juan and Zhao, Zhenwei and Kazakov, Andrei and Chaos, Marcos and Dryer, Frederick L and Scire, James J},
  journal={International Journal of Chemical Kinetics},
  volume={39},
  number={3},
  pages={109--136},
  year={2007},
  publisher={Wiley Online Library}
}

@article{aHm_2_gilbert1983theory,
  title={Theory of Thermal Unimolecular Reactions in the Fall-off Range. II. Weak Collision Rate Constants},
  author={Gilbert, RG and Luther, K\_ and Troe, J},
  journal={Berichte der Bunsengesellschaft f{\"u}r physikalische Chemie},
  volume={87},
  number={2},
  pages={169--177},
  year={1983},
  publisher={Wiley Online Library}
}

%%% bibliograph for appendix of H2-O2 mechanism begin
